% !TeX encoding = UTF-8
@misc{bilibili:read,
  author  = {风格里哦},
  title   = {【推理入门01】经典流派从哪一本开始读? 密室等题材作品TOP推荐榜单},
  url     = {https://www.bilibili.com/read/cv12719713},
  urldate = {2020-08-17}
}
@book{Huang:2012hxwl,
  address   = {北京},
  author    = {黄润乾},
  edition   = {2},
  isbn      = {9787504643223},
  pages     = {120-122},
  publisher = {中国科学技术出版社},
  series    = {中国科学院国家天文台天体物理丛书},
  title     = {恒星物理},
  year      = {2012}
}
@phdthesis{HuangGuoYuan:2020,
  address = {北京},
  author  = {黄国远},
  month   = {1},
  pages   = {7-8},
  school  = {中国科学院大学},
  title   = { 中微子的质量起源和基本性质 },
  type    = {博士论文},
  year    = {2020}
}
@newspaper{Li:2005,
  author    = {李志强},
  date      = {2005-06-07},
  edition   = {16},
  publisher = {光明日报},
  title     = {自主创新能力是国际化的根本点}
}
@article{LIGOScientific:2017zic,
  archiveprefix = {arXiv},
  author        = {Abbott, B. P. and others},
  collaboration = {LIGO Scientific, Virgo, Fermi-GBM, INTEGRAL},
  doi           = {10.3847/2041-8213/aa920c},
  eprint        = {1710.05834},
  journal       = {Astrophys. J. Lett.},
  number        = {2},
  pages         = {L13},
  primaryclass  = {astro-ph.HE},
  reportnumber  = {LIGO-P1700308},
  title         = {{Gravitational Waves and Gamma-rays from a Binary Neutron Star Merger: GW170817 and GRB 170817A}},
  volume        = {848},
  year          = {2017}
}
@book{Liu:2013latexrm,
  address   = {北京},
  author    = {刘海洋},
  isbn      = {9787121202087},
  pages     = {32-49},
  publisher = {电子工业出版社},
  title     = {LaTeX入门},
  year      = {2013}
}
@phdthesis{Migenda:2019xbm,
  address       = {Sheffield},
  archiveprefix = {arXiv},
  author        = {Migenda, Jost},
  eprint        = {2002.01649},
  pages         = {7-8},
  primaryclass  = {astro-ph.IM},
  school        = {Sheffield University},
  title         = {{Supernova Model Discrimination with Hyper-Kamiokande}},
  year          = {2019}
}
@article{Piro:2021oaa,
  address       = {New York},
  archiveprefix = {arXiv},
  author        = {L. Piro and others},
  eprint        = {2110.15677},
  month         = {10},
  pages         = {9-10},
  primaryclass  = {astro-ph.HE},
  publisher     = {arXiv},
  title         = {{Multi-messenger-Athena Synergy White Paper}},
  url           = {https://arxiv.org/abs/2110.15677},
  year          = {2021}
}
@misc{ROC,
  author  = {卢克文},
  title   = {在东京奥运会上，俄罗斯为什么叫俄罗斯奥运队? },
  url     = {https://www.zhihu.com/question/474788650/answer/2024799968},
  urldate = {2021-07-28}
}
@book{Rubakov:2017xzr,
  address   = {Singapore},
  author    = {Rubakov, Valery A. and Gorbunov, Dmitry S.},
  doi       = {10.1142/10447},
  isbn      = {978-981-320-987-9, 978-981-320-988-6, 978-981-322-005-8},
  pages     = {80--81},
  publisher = {World Scientific},
  title     = {{Introduction to the Theory of the Early Universe}: {Hot big bang theory}},
  year      = {2017}
}
@mastersthesis{Shojaeifar:2015csv,
  address = {Helsinki},
  author  = {Shojaeifar, Emad},
  pages   = {10--12},
  school  = {Helsinki University},
  title   = {{Theories of Neutrino Oscillations}},
  year    = {2015}
}
@mastersthesis{SongRen:2020,
  address = {北京},
  author  = {宋仁},
  month   = {1},
  pages   = {9-10},
  school  = {中国科学院大学},
  title   = { Ia型超新星公共包层星风模型的大质量包层结构研究 },
  type    = {硕士论文},
  year    = {2020}
}
@inproceedings{Tanikawa:2021+x,
  address   = {Palermo. Italy},
  author    = {Tanikawa, Ataru},
  booktitle = {Proceedings of The Golden Age of Cataclysmic Variables and Related Objects V},
  doi       = {10.22323/1.368.0046},
  pages     = {046},
  title     = {{Progenitor and explosion models of type Ia supernovae}},
  volume    = {368},
  year      = {2019}
}
@book{Zhang:2021,
  address    = {北京},
  author     = {Steven Weinberg},
  isbn       = {9787040546019},
  pages      = {32-49},
  publisher  = {高等教育出版社},
  title      = {量子场论},
  translator = {张驰},
  volume     = {一},
  year       = {2021}
}
@article{ZhaoWen:2017twxjz,
  author  = {赵文 and 张星 and 刘小金 and 张杨 and 王运永 and 张帆 and 肇宇航 and 郭越凡 and 陈奕康 and 艾舜柯 and 朱宗宏 and WANG Xiao-ge and LEBIGOT Eric and 都志辉 and 曹军威 and 钱进 and 殷聪 and 王建波 and BLAIR David and JU Li and ZHAO Chun-nong and WEN Lin-qing},
  journal = {天文学进展},
  month   = {1},
  number  = {3},
  pages   = {316-344},
  title   = { 引力波与引力波源 },
  volume  = {35},
  year    = {2017}
}